<record><leader>00000cas a2200000Ia 4500</leader><controlfield tag="001">9806202</controlfield><controlfield tag="008">830812d19781981ohubn ne      0   a0eng d</controlfield><controlfield tag="009">9</controlfield><datafield ind1=" " ind2=" " tag="010"><subfield code="a">sn 90068004 </subfield></datafield><datafield ind1=" " ind2=" " tag="040"><subfield code="a">BGU</subfield><subfield code="c">BGU</subfield><subfield code="d">ONP</subfield><subfield code="d">OCL</subfield></datafield><datafield ind1=" " ind2=" " tag="043"><subfield code="a">n-us-oh</subfield></datafield><datafield ind1="0" ind2="4" tag="245"><subfield code="a">The Gilboa gazette.</subfield></datafield><datafield ind1=" " ind2=" " tag="260"><subfield code="a">Gilboa, Ohio :</subfield><subfield code="b">Gazette Pub. Co.,</subfield><subfield code="c">1978-1981.</subfield></datafield><datafield ind1=" " ind2=" " tag="300"><subfield code="a">v. :</subfield><subfield code="b">ill. ;</subfield><subfield code="c">38 cm.</subfield></datafield><datafield ind1=" " ind2=" " tag="310"><subfield code="a">Biweekly (Monthly Nov.-Apr.)</subfield></datafield><datafield ind1="0" ind2=" " tag="362"><subfield code="a">Vol. 1, no. 1 (May 11, 1978)-Sept. 1981.</subfield></datafield><datafield ind1=" " ind2=" " tag="752"><subfield code="a">United States</subfield><subfield code="b">Ohio</subfield><subfield code="c">Putnam</subfield><subfield code="d">Gilboa.</subfield></datafield></record>